@book{王永华2013现代电气控制及,
  title={现代电气控制及 PLC 应用技术},
  author={王永华 and others},
  year={2013},
  publisher={北京航空航天大学出版社}
}
@article{刘海龙2010浅谈电气自动化的现状与发展方向,
  title={浅谈电气自动化的现状与发展方向},
  author={刘海龙},
  journal={黑龙江科技信息},
  volume={6},
  number={5},
  year={2010}
}
@article{陈众励2007建筑电气节能技术综述,
  title={建筑电气节能技术综述},
  author={陈众励 and 赵济安 and 邵民杰},
  journal={低压电器},
  volume={4},
  pages={1--5},
  year={2007}
}
@article{张燕2013电气自动化在电气工程中的应用探讨,
  title={电气自动化在电气工程中的应用探讨},
  author={张燕},
  journal={电子技术与软件工程},
  volume={17},
  pages={199--199},
  year={2013}
}
@article{王磊2011电气自动化控制设备可靠性探究,
  title={电气自动化控制设备可靠性探究},
  author={王磊 and 薛双苓},
  journal={科技传播},
  volume={19},
  pages={51--62},
  year={2011}
}
@phdthesis{黄雪芳2012探讨电气工程中自动化技术的应用,
  title={探讨电气工程中自动化技术的应用},
  author={黄雪芳},
  year={2012}
}
